<?xml version='1.0' encoding='UTF-8'?>
<BCE:Balanza xmlns:BCE="http://www.sat.gob.mx/esquemas/ContabilidadE/1_3/BalanzaComprobacion" xmlns:xsi="http://www.w3.org/2001/XMLSchema-instance" Version="1.3" RFC="ACI100105LY8" Mes="01" Anio="2024" TipoEnvio="C" FechaModBal="" xsi:schemaLocation="http://www.sat.gob.mx/esquemas/ContabilidadE/1_3/BalanzaComprobacion http://www.sat.gob.mx/esquemas/ContabilidadE/1_3/BalanzaComprobacion/BalanzaComprobacion_1_3.xsd">
  <BCE:Ctas NumCta="1001" SaldoIni="10000.00" Debe="5000.00" Haber="2000.00" SaldoFin="13000.00"/>
  <BCE:Ctas NumCta="2001" SaldoIni="15000.00" Debe="3000.00" Haber="4000.00" SaldoFin="14000.00"/>
</BCE:Balanza>
