<?xml version='1.0' encoding='UTF-8'?>
<BCE:Balanza xmlns:BCE="http://www.sat.gob.mx/esquemas/ContabilidadE/1_3/BalanzaComprobacion" xmlns:xsi="http://www.w3.org/2001/XMLSchema-instance" Version="1.3" RFC="SPL100105LY8" Mes="08" Anio="2025" TipoEnvio="N" xsi:schemaLocation="http://www.sat.gob.mx/esquemas/ContabilidadE/1_3/BalanzaComprobacion http://www.sat.gob.mx/esquemas/ContabilidadE/1_3/BalanzaComprobacion/BalanzaComprobacion_1_3.xsd">
  <BCE:Ctas NumCta="1021001" SaldoIni="1415285.53" Debe="41428405.34" Haber="23538449.55" SaldoFin="19305241.32"/>
  <BCE:Ctas NumCta="1021002" SaldoIni="13201306.24" Debe="51027635.99" Haber="63850084.16" SaldoFin="378858.06"/>
  <BCE:Ctas NumCta="1050100" SaldoIni="10695878.64" Debe="0" Haber="10695878.64" SaldoFin="0"/>
  <BCE:Ctas NumCta="1050200" SaldoIni="60952072.59" Debe="18832807.76" Haber="4177226.17" SaldoFin="75607654.18"/>
  <BCE:Ctas NumCta="1060300" SaldoIni="0" Debe="0" Haber="0" SaldoFin="0"/>
  <BCE:Ctas NumCta="1070101" SaldoIni="4.67" Debe="8000" Haber="0" SaldoFin="8004.67"/>
  <BCE:Ctas NumCta="1070102" SaldoIni="156524.22" Debe="79300.94" Haber="85647.7" SaldoFin="150177.46"/>
  <BCE:Ctas NumCta="1070400" SaldoIni="10000" Debe="0" Haber="0" SaldoFin="10000"/>
  <BCE:Ctas NumCta="1070500" SaldoIni="0" Debe="0" Haber="0" SaldoFin="0"/>
  <BCE:Ctas NumCta="1090100" SaldoIni="0" Debe="0" Haber="0" SaldoFin="0"/>
  <BCE:Ctas NumCta="1092300" SaldoIni="5785.37" Debe="0" Haber="714.17" SaldoFin="5071.2"/>
  <BCE:Ctas NumCta="1100100" SaldoIni="0" Debe="3289.55" Haber="0" SaldoFin="3289.55"/>
  <BCE:Ctas NumCta="1130100" SaldoIni="51474719.55" Debe="7663825.59" Haber="14556441" SaldoFin="44582104.14"/>
  <BCE:Ctas NumCta="1130600" SaldoIni="0" Debe="0" Haber="0" SaldoFin="0"/>
  <BCE:Ctas NumCta="1140102" SaldoIni="0" Debe="0" Haber="0" SaldoFin="0"/>
  <BCE:Ctas NumCta="1150100" SaldoIni="0" Debe="0" Haber="0" SaldoFin="0"/>
  <BCE:Ctas NumCta="1150200" SaldoIni="85292376.77" Debe="38081856.2" Haber="4231182.73" SaldoFin="119143050.24"/>
  <BCE:Ctas NumCta="1150500" SaldoIni="0" Debe="0" Haber="0" SaldoFin="0"/>
  <BCE:Ctas NumCta="1180101" SaldoIni="0" Debe="1318997.66" Haber="1515677.66" SaldoFin="-196680"/>
  <BCE:Ctas NumCta="1180102" SaldoIni="0" Debe="0" Haber="0" SaldoFin="0"/>
  <BCE:Ctas NumCta="1180103" SaldoIni="0" Debe="0" Haber="0" SaldoFin="0"/>
  <BCE:Ctas NumCta="1180200" SaldoIni="0" Debe="6147330" Haber="6147330" SaldoFin="0"/>
  <BCE:Ctas NumCta="1180201" SaldoIni="0" Debe="1564" Haber="1564" SaldoFin="0"/>
  <BCE:Ctas NumCta="1190101" SaldoIni="927386.34" Debe="0" Haber="502220.9" SaldoFin="425165.44"/>
  <BCE:Ctas NumCta="1190102" SaldoIni="0.8" Debe="0" Haber="0" SaldoFin="0.8"/>
  <BCE:Ctas NumCta="1190103" SaldoIni="14143.56" Debe="0" Haber="0" SaldoFin="14143.56"/>
  <BCE:Ctas NumCta="1200100" SaldoIni="2949157.3" Debe="1134766.46" Haber="20907.64" SaldoFin="4063016.12"/>
  <BCE:Ctas NumCta="1200200" SaldoIni="0" Debe="0" Haber="0" SaldoFin="0"/>
  <BCE:Ctas NumCta="1530100" SaldoIni="66540926.71" Debe="0" Haber="0" SaldoFin="66540926.71"/>
  <BCE:Ctas NumCta="1540100" SaldoIni="0" Debe="0" Haber="0" SaldoFin="0"/>
  <BCE:Ctas NumCta="1540200" SaldoIni="0" Debe="0" Haber="0" SaldoFin="0"/>
  <BCE:Ctas NumCta="1550100" SaldoIni="542121.5" Debe="187022.97" Haber="0" SaldoFin="729144.47"/>
  <BCE:Ctas NumCta="1560100" SaldoIni="212106.03" Debe="0" Haber="0" SaldoFin="212106.03"/>
  <BCE:Ctas NumCta="1590100" SaldoIni="3646065.57" Debe="0" Haber="0" SaldoFin="3646065.57"/>
  <BCE:Ctas NumCta="1640100" SaldoIni="63674.41" Debe="0" Haber="0" SaldoFin="63674.41"/>
  <BCE:Ctas NumCta="1690200" SaldoIni="0" Debe="0" Haber="0" SaldoFin="0"/>
  <BCE:Ctas NumCta="1700100" SaldoIni="100000" Debe="0" Haber="0" SaldoFin="100000"/>
  <BCE:Ctas NumCta="1710200" SaldoIni="-5300409.47" Debe="0" Haber="475591.77" SaldoFin="-5776001.24"/>
  <BCE:Ctas NumCta="1710300" SaldoIni="0" Debe="0" Haber="0" SaldoFin="0"/>
  <BCE:Ctas NumCta="1710400" SaldoIni="-41627.54" Debe="0" Haber="4517.67" SaldoFin="-46145.21"/>
  <BCE:Ctas NumCta="1710500" SaldoIni="-49390.12" Debe="0" Haber="5302.59" SaldoFin="-54692.71"/>
  <BCE:Ctas NumCta="1711200" SaldoIni="-12775.14" Debe="0" Haber="1813.89" SaldoFin="-14589.03"/>
  <BCE:Ctas NumCta="1711700" SaldoIni="-12499.76" Debe="0" Haber="833.28" SaldoFin="-13333.04"/>
  <BCE:Ctas NumCta="1760100" SaldoIni="0" Debe="0" Haber="0" SaldoFin="0"/>
  <BCE:Ctas NumCta="1830400" SaldoIni="0" Debe="0" Haber="0" SaldoFin="0"/>
  <BCE:Ctas NumCta="1840200" SaldoIni="2060481" Debe="0" Haber="0" SaldoFin="2060481"/>
  <BCE:Ctas NumCta="1840300" SaldoIni="964170.67" Debe="0" Haber="0" SaldoFin="964170.67"/>
  <BCE:Ctas NumCta="2010100" SaldoIni="-115773432.67" Debe="3746420.7" Haber="206331.3" SaldoFin="-112233343.28"/>
  <BCE:Ctas NumCta="2010200" SaldoIni="-113892669.9" Debe="1536484.27" Haber="38951788.92" SaldoFin="-151307974.55"/>
  <BCE:Ctas NumCta="2010500" SaldoIni="-5913929" Debe="0" Haber="0" SaldoFin="-5913929"/>
  <BCE:Ctas NumCta="2020400" SaldoIni="0" Debe="0" Haber="0" SaldoFin="0"/>
  <BCE:Ctas NumCta="2060200" SaldoIni="0" Debe="0" Haber="0" SaldoFin="0"/>
  <BCE:Ctas NumCta="2060500" SaldoIni="-206989.39" Debe="0" Haber="0" SaldoFin="-206989.39"/>
  <BCE:Ctas NumCta="2080100" SaldoIni="0" Debe="602.07" Haber="602.07" SaldoFin="0"/>
  <BCE:Ctas NumCta="2090100" SaldoIni="0" Debe="0" Haber="0" SaldoFin="0"/>
  <BCE:Ctas NumCta="2100101" SaldoIni="0" Debe="0" Haber="0" SaldoFin="0"/>
  <BCE:Ctas NumCta="2100102" SaldoIni="-27227.57" Debe="1604037.62" Haber="1610968.8" SaldoFin="-34158.75"/>
  <BCE:Ctas NumCta="2100202" SaldoIni="-78241.69" Debe="18532.11" Haber="15268.15" SaldoFin="-74977.73"/>
  <BCE:Ctas NumCta="2100300" SaldoIni="0" Debe="2555.5" Haber="75837.92" SaldoFin="-73282.42"/>
  <BCE:Ctas NumCta="2100401" SaldoIni="0" Debe="83562.34" Haber="83671.9" SaldoFin="-109.56"/>
  <BCE:Ctas NumCta="2100402" SaldoIni="0" Debe="83562.34" Haber="83671.9" SaldoFin="-109.56"/>
  <BCE:Ctas NumCta="2100403" SaldoIni="0" Debe="0" Haber="0" SaldoFin="0"/>
  <BCE:Ctas NumCta="2110100" SaldoIni="-451696.99" Debe="451696.99" Haber="348111.21" SaldoFin="-348111.21"/>
  <BCE:Ctas NumCta="2110200" SaldoIni="-82641.05" Debe="82641.05" Haber="41217.03" SaldoFin="-41217.03"/>
  <BCE:Ctas NumCta="2110300" SaldoIni="-206602.62" Debe="206602.62" Haber="103043.55" SaldoFin="-103043.55"/>
  <BCE:Ctas NumCta="2110400" SaldoIni="787.27" Debe="0" Haber="9502.95" SaldoFin="-8715.68"/>
  <BCE:Ctas NumCta="2130400" SaldoIni="-64025.95" Debe="64090" Haber="53984.85" SaldoFin="-53920.8"/>
  <BCE:Ctas NumCta="2160100" SaldoIni="-212479.67" Debe="221768" Haber="242463.45" SaldoFin="-233175.12"/>
  <BCE:Ctas NumCta="2160300" SaldoIni="0" Debe="0" Haber="2045.5" SaldoFin="-2045.5"/>
  <BCE:Ctas NumCta="2160400" SaldoIni="-3384.2" Debe="0" Haber="804.43" SaldoFin="-4188.63"/>
  <BCE:Ctas NumCta="2161001" SaldoIni="-979.8" Debe="0" Haber="0" SaldoFin="-979.8"/>
  <BCE:Ctas NumCta="2161002" SaldoIni="0" Debe="0" Haber="0" SaldoFin="0"/>
  <BCE:Ctas NumCta="2161003" SaldoIni="0" Debe="0" Haber="2181.87" SaldoFin="-2181.87"/>
  <BCE:Ctas NumCta="2161005" SaldoIni="0" Debe="0" Haber="0" SaldoFin="0"/>
  <BCE:Ctas NumCta="2161100" SaldoIni="-36676.18" Debe="75170.89" Haber="52638.64" SaldoFin="-14143.93"/>
  <BCE:Ctas NumCta="2161201" SaldoIni="-201781.58" Debe="218117.84" Haber="107984.97" SaldoFin="-91648.71"/>
  <BCE:Ctas NumCta="2520300" SaldoIni="0" Debe="0" Haber="0" SaldoFin="0"/>
  <BCE:Ctas NumCta="2520400" SaldoIni="0" Debe="0" Haber="0" SaldoFin="0"/>
  <BCE:Ctas NumCta="2520600" SaldoIni="-52907322" Debe="0" Haber="16816625.67" SaldoFin="-69723947.67"/>
  <BCE:Ctas NumCta="3010100" SaldoIni="-100000" Debe="0" Haber="0" SaldoFin="-100000"/>
  <BCE:Ctas NumCta="3010200" SaldoIni="-92463414.11" Debe="0" Haber="0" SaldoFin="-92463414.11"/>
  <BCE:Ctas NumCta="3060100" SaldoIni="86815221.66" Debe="0" Haber="0" SaldoFin="86815221.66"/>
  <BCE:Ctas NumCta="4010100" SaldoIni="0" Debe="0" Haber="0" SaldoFin="0"/>
  <BCE:Ctas NumCta="4010400" SaldoIni="0" Debe="0" Haber="7045993.56" SaldoFin="-7045993.56"/>
  <BCE:Ctas NumCta="4013801" SaldoIni="0" Debe="0" Haber="0" SaldoFin="0"/>
  <BCE:Ctas NumCta="4013802" SaldoIni="0" Debe="0" Haber="3762.93" SaldoFin="-3762.93"/>
  <BCE:Ctas NumCta="4030101" SaldoIni="0" Debe="0" Haber="0" SaldoFin="0"/>
  <BCE:Ctas NumCta="5010100" SaldoIni="0" Debe="4231182.73" Haber="0" SaldoFin="4231182.73"/>
  <BCE:Ctas NumCta="5010802" SaldoIni="0" Debe="0" Haber="0" SaldoFin="0"/>
  <BCE:Ctas NumCta="5040102" SaldoIni="0" Debe="0" Haber="0" SaldoFin="0"/>
  <BCE:Ctas NumCta="5040103" SaldoIni="0" Debe="0" Haber="0" SaldoFin="0"/>
  <BCE:Ctas NumCta="5040106" SaldoIni="0" Debe="0" Haber="0" SaldoFin="0"/>
  <BCE:Ctas NumCta="5040303" SaldoIni="0" Debe="0" Haber="0" SaldoFin="0"/>
  <BCE:Ctas NumCta="6010100" SaldoIni="0" Debe="1672641.6" Haber="0" SaldoFin="1672641.6"/>
  <BCE:Ctas NumCta="6010300" SaldoIni="0" Debe="99920.66" Haber="0" SaldoFin="99920.66"/>
  <BCE:Ctas NumCta="6010400" SaldoIni="0" Debe="43912.5" Haber="0" SaldoFin="43912.5"/>
  <BCE:Ctas NumCta="6010500" SaldoIni="0" Debe="0" Haber="0" SaldoFin="0"/>
  <BCE:Ctas NumCta="6010600" SaldoIni="0" Debe="45321.34" Haber="0" SaldoFin="45321.34"/>
  <BCE:Ctas NumCta="6010700" SaldoIni="0" Debe="15268.15" Haber="0" SaldoFin="15268.15"/>
  <BCE:Ctas NumCta="6010800" SaldoIni="0" Debe="1877.5" Haber="0" SaldoFin="1877.5"/>
  <BCE:Ctas NumCta="6010900" SaldoIni="0" Debe="0" Haber="0" SaldoFin="0"/>
  <BCE:Ctas NumCta="6011000" SaldoIni="0" Debe="0" Haber="0" SaldoFin="0"/>
  <BCE:Ctas NumCta="6011100" SaldoIni="0" Debe="0" Haber="0" SaldoFin="0"/>
  <BCE:Ctas NumCta="6011200" SaldoIni="0" Debe="75837.92" Haber="0" SaldoFin="75837.92"/>
  <BCE:Ctas NumCta="6011500" SaldoIni="0" Debe="102187.21" Haber="108126.74" SaldoFin="-5939.53"/>
  <BCE:Ctas NumCta="6011600" SaldoIni="0" Debe="0" Haber="0" SaldoFin="0"/>
  <BCE:Ctas NumCta="6011900" SaldoIni="0" Debe="89661.43" Haber="0" SaldoFin="89661.43"/>
  <BCE:Ctas NumCta="6012300" SaldoIni="0" Debe="0" Haber="0" SaldoFin="0"/>
  <BCE:Ctas NumCta="6012501" SaldoIni="0" Debe="50430" Haber="0" SaldoFin="50430"/>
  <BCE:Ctas NumCta="6012502" SaldoIni="0" Debe="0" Haber="0" SaldoFin="0"/>
  <BCE:Ctas NumCta="6012503" SaldoIni="0" Debe="0" Haber="0" SaldoFin="0"/>
  <BCE:Ctas NumCta="6012505" SaldoIni="0" Debe="103520" Haber="0" SaldoFin="103520"/>
  <BCE:Ctas NumCta="6012600" SaldoIni="0" Debe="415076.77" Haber="0" SaldoFin="415076.77"/>
  <BCE:Ctas NumCta="6012700" SaldoIni="0" Debe="103043.55" Haber="0" SaldoFin="103043.55"/>
  <BCE:Ctas NumCta="6012800" SaldoIni="0" Debe="41217.03" Haber="67007" SaldoFin="-25789.97"/>
  <BCE:Ctas NumCta="6012900" SaldoIni="0" Debe="53984.85" Haber="0" SaldoFin="53984.85"/>
  <BCE:Ctas NumCta="6013201" SaldoIni="0" Debe="0" Haber="0" SaldoFin="0"/>
  <BCE:Ctas NumCta="6013202" SaldoIni="0" Debe="0" Haber="0" SaldoFin="0"/>
  <BCE:Ctas NumCta="6013204" SaldoIni="0" Debe="22420.53" Haber="0" SaldoFin="22420.53"/>
  <BCE:Ctas NumCta="6013208" SaldoIni="0" Debe="130369" Haber="0" SaldoFin="130369"/>
  <BCE:Ctas NumCta="6013400" SaldoIni="0" Debe="6400" Haber="0" SaldoFin="6400"/>
  <BCE:Ctas NumCta="6013801" SaldoIni="0" Debe="5400" Haber="0" SaldoFin="5400"/>
  <BCE:Ctas NumCta="6014300" SaldoIni="0" Debe="0" Haber="0" SaldoFin="0"/>
  <BCE:Ctas NumCta="6014601" SaldoIni="0" Debe="786378.75" Haber="0" SaldoFin="786378.75"/>
  <BCE:Ctas NumCta="6014602" SaldoIni="0" Debe="0" Haber="0" SaldoFin="0"/>
  <BCE:Ctas NumCta="6014603" SaldoIni="0" Debe="0" Haber="0" SaldoFin="0"/>
  <BCE:Ctas NumCta="6014801" SaldoIni="0" Debe="0" Haber="0" SaldoFin="0"/>
  <BCE:Ctas NumCta="6014802" SaldoIni="0" Debe="0" Haber="0" SaldoFin="0"/>
  <BCE:Ctas NumCta="6014903" SaldoIni="0" Debe="25520" Haber="0" SaldoFin="25520"/>
  <BCE:Ctas NumCta="6015002" SaldoIni="0" Debe="712.85" Haber="0" SaldoFin="712.85"/>
  <BCE:Ctas NumCta="6015003" SaldoIni="0" Debe="24490" Haber="0" SaldoFin="24490"/>
  <BCE:Ctas NumCta="6015200" SaldoIni="0" Debe="137031.02" Haber="0" SaldoFin="137031.02"/>
  <BCE:Ctas NumCta="6015301" SaldoIni="0" Debe="0" Haber="0" SaldoFin="0"/>
  <BCE:Ctas NumCta="6015303" SaldoIni="0" Debe="0" Haber="0" SaldoFin="0"/>
  <BCE:Ctas NumCta="6015400" SaldoIni="0" Debe="0" Haber="0" SaldoFin="0"/>
  <BCE:Ctas NumCta="6015401" SaldoIni="0" Debe="4007.15" Haber="0" SaldoFin="4007.15"/>
  <BCE:Ctas NumCta="6015500" SaldoIni="0" Debe="7959.97" Haber="0" SaldoFin="7959.97"/>
  <BCE:Ctas NumCta="6015601" SaldoIni="0" Debe="0" Haber="0" SaldoFin="0"/>
  <BCE:Ctas NumCta="6015602" SaldoIni="0" Debe="0" Haber="0" SaldoFin="0"/>
  <BCE:Ctas NumCta="6015603" SaldoIni="0" Debe="0" Haber="0" SaldoFin="0"/>
  <BCE:Ctas NumCta="6015604" SaldoIni="0" Debe="0" Haber="0" SaldoFin="0"/>
  <BCE:Ctas NumCta="6015605" SaldoIni="0" Debe="0" Haber="0" SaldoFin="0"/>
  <BCE:Ctas NumCta="6015606" SaldoIni="0" Debe="0" Haber="0" SaldoFin="0"/>
  <BCE:Ctas NumCta="6015701" SaldoIni="0" Debe="0" Haber="0" SaldoFin="0"/>
  <BCE:Ctas NumCta="6015702" SaldoIni="0" Debe="0" Haber="0" SaldoFin="0"/>
  <BCE:Ctas NumCta="6015801" SaldoIni="0" Debe="16592" Haber="0" SaldoFin="16592"/>
  <BCE:Ctas NumCta="6015802" SaldoIni="0" Debe="9860" Haber="0" SaldoFin="9860"/>
  <BCE:Ctas NumCta="6015803" SaldoIni="0" Debe="73638" Haber="0" SaldoFin="73638"/>
  <BCE:Ctas NumCta="6015804" SaldoIni="0" Debe="0" Haber="0" SaldoFin="0"/>
  <BCE:Ctas NumCta="6015805" SaldoIni="0" Debe="0" Haber="0" SaldoFin="0"/>
  <BCE:Ctas NumCta="6015902" SaldoIni="0" Debe="0" Haber="0" SaldoFin="0"/>
  <BCE:Ctas NumCta="6016101" SaldoIni="0" Debe="0" Haber="0" SaldoFin="0"/>
  <BCE:Ctas NumCta="6016200" SaldoIni="0" Debe="0" Haber="0" SaldoFin="0"/>
  <BCE:Ctas NumCta="6017201" SaldoIni="0" Debe="0" Haber="0" SaldoFin="0"/>
  <BCE:Ctas NumCta="6017202" SaldoIni="0" Debe="0" Haber="0" SaldoFin="0"/>
  <BCE:Ctas NumCta="6017203" SaldoIni="0" Debe="2398963.12" Haber="0" SaldoFin="2398963.12"/>
  <BCE:Ctas NumCta="6017204" SaldoIni="0" Debe="0" Haber="0" SaldoFin="0"/>
  <BCE:Ctas NumCta="6017300" SaldoIni="0" Debe="7393874.66" Haber="0" SaldoFin="7393874.66"/>
  <BCE:Ctas NumCta="6017700" SaldoIni="0" Debe="0" Haber="0" SaldoFin="0"/>
  <BCE:Ctas NumCta="6018301" SaldoIni="0" Debe="172622.37" Haber="0" SaldoFin="172622.37"/>
  <BCE:Ctas NumCta="6018401" SaldoIni="0" Debe="3802.27" Haber="14081.82" SaldoFin="-10279.55"/>
  <BCE:Ctas NumCta="6018403" SaldoIni="0" Debe="43242.57" Haber="0" SaldoFin="43242.57"/>
  <BCE:Ctas NumCta="6018404" SaldoIni="0" Debe="0" Haber="0" SaldoFin="0"/>
  <BCE:Ctas NumCta="6018405" SaldoIni="0" Debe="0" Haber="0" SaldoFin="0"/>
  <BCE:Ctas NumCta="6018406" SaldoIni="0" Debe="714.17" Haber="0" SaldoFin="714.17"/>
  <BCE:Ctas NumCta="6018407" SaldoIni="0" Debe="0" Haber="0" SaldoFin="0"/>
  <BCE:Ctas NumCta="6051700" SaldoIni="0" Debe="0" Haber="0" SaldoFin="0"/>
  <BCE:Ctas NumCta="6130200" SaldoIni="0" Debe="475591.77" Haber="0" SaldoFin="475591.77"/>
  <BCE:Ctas NumCta="6130300" SaldoIni="0" Debe="0" Haber="0" SaldoFin="0"/>
  <BCE:Ctas NumCta="6130400" SaldoIni="0" Debe="4517.67" Haber="0" SaldoFin="4517.67"/>
  <BCE:Ctas NumCta="6130500" SaldoIni="0" Debe="5302.59" Haber="0" SaldoFin="5302.59"/>
  <BCE:Ctas NumCta="6131200" SaldoIni="0" Debe="1813.89" Haber="0" SaldoFin="1813.89"/>
  <BCE:Ctas NumCta="6131700" SaldoIni="0" Debe="833.28" Haber="0" SaldoFin="833.28"/>
  <BCE:Ctas NumCta="6140400" SaldoIni="0" Debe="0" Haber="0" SaldoFin="0"/>
  <BCE:Ctas NumCta="7010101" SaldoIni="0" Debe="0" Haber="0" SaldoFin="0"/>
  <BCE:Ctas NumCta="7010102" SaldoIni="0" Debe="3871165.33" Haber="0" SaldoFin="3760893.06"/>
  <BCE:Ctas NumCta="7011000" SaldoIni="0" Debe="6322.63" Haber="900" SaldoFin="115694.9"/>
  <BCE:Ctas NumCta="7010400" SaldoIni="0" Debe="0" Haber="0" SaldoFin="0"/>
  <BCE:Ctas NumCta="7020101" SaldoIni="0" Debe="0" Haber="0" SaldoFin="0"/>
  <BCE:Ctas NumCta="7020102" SaldoIni="0" Debe="0" Haber="1225274.94" SaldoFin="-1225274.94"/>
  <BCE:Ctas NumCta="7021000" SaldoIni="0" Debe="0" Haber="0" SaldoFin="0"/>
</BCE:Balanza>
